<?xml version="1.0" encoding="UTF-8"?><collection xmlns="http://www.loc.gov/MARC21/slim"><record><leader>00397nam--2200145-i-4500</leader><controlfield tag="001">000045741</controlfield><controlfield tag="002">20161230</controlfield><controlfield tag="005">20161230201045</controlfield><controlfield tag="008">060222s1000------------r-----000-0-eng-d</controlfield><datafield ind1=" " ind2=" " tag="080"><subfield code="a">519.72:535</subfield></datafield><datafield ind1=" " ind2=" " tag="245"><subfield code="a">Vlsi for pettern recognition and image proc</subfield></datafield><datafield ind1=" " ind2=" " tag="260"><subfield code="a">Berlin, Springer-verlag, 1984, Xii+234p</subfield></datafield><datafield ind1=" " ind2=" " tag="490"><subfield code="a">Springer Series In Information Sciences</subfield></datafield><datafield ind1=" " ind2=" " tag="700"><subfield code="a">King-sunfu</subfield></datafield><datafield ind1=" " ind2=" " tag="852"><subfield code="a">72670</subfield></datafield></record></collection>